
@book{van2008computational,
	title={Computational geometry: algorithms and applications},
	author={de Berg, Mark and Cheong, Otfried and van Kreveld, Marc and Overmars, Mark},
	year={2008},
	publisher={Springer}
}
@incollection{van2011reciprocal,
	title={Reciprocal n-body collision avoidance},
	author={Van Den Berg, Jur and Guy, Stephen J and Lin, Ming and Manocha, Dinesh},
	booktitle={Robotics research},
	pages={3--19},
	year={2011},
	publisher={Springer}
}
@article{seidel1991small,
	title={Small-dimensional linear programming and convex hulls made easy},
	author={Seidel, Raimund},
	journal={Discrete \& Computational Geometry},
	volume={6},
	number={3},
	pages={423--434},
	year={1991},
	publisher={Springer}
}